[gd_scene load_steps=12 format=2]

[ext_resource path="res://assets/image/logo.png" type="Texture" id=1]
[ext_resource path="res://Start.gd" type="Script" id=2]
[ext_resource path="res://assets/image/bg.png" type="Texture" id=3]
[ext_resource path="res://assets/image/car_menu.png" type="Texture" id=4]
[ext_resource path="res://assets/image/btn_start.png" type="Texture" id=5]
[ext_resource path="res://assets/image/btn_settings.png" type="Texture" id=6]
[ext_resource path="res://assets/image/thumb.png" type="Texture" id=7]
[ext_resource path="res://assets/image/label_music.png" type="Texture" id=9]
[ext_resource path="res://assets/image/track.png" type="Texture" id=10]
[ext_resource path="res://assets/image/label_settings.png" type="Texture" id=11]
[ext_resource path="res://assets/image/btn_menu.png" type="Texture" id=12]

[node name="Start" type="Control"]
anchor_right = 1.0
anchor_bottom = 1.0
script = ExtResource( 2 )
__meta__ = {
"_edit_use_anchors_": false
}

[node name="Bg" type="TextureRect" parent="."]
anchor_right = 1.0
anchor_bottom = 1.0
texture = ExtResource( 3 )
expand = true
stretch_mode = 7

[node name="MainMenu" type="VBoxContainer" parent="."]
anchor_left = 0.5
anchor_top = 0.5
anchor_right = 0.5
anchor_bottom = 0.5
margin_left = -95.0
margin_top = -60.0
margin_right = 95.0
margin_bottom = 60.0
custom_constants/separation = 20
alignment = 1
__meta__ = {
"_edit_group_": true,
"_edit_use_anchors_": false
}

[node name="BtnStart" type="Button" parent="MainMenu"]
margin_right = 190.0
margin_bottom = 50.0
rect_min_size = Vector2( 190, 50 )
focus_mode = 0
mouse_filter = 1
shortcut_in_tooltip = false
enabled_focus_mode = 0
flat = true
__meta__ = {
"_edit_group_": true
}

[node name="TextureRect" type="TextureRect" parent="MainMenu/BtnStart"]
anchor_left = 0.5
anchor_top = 0.5
anchor_right = 0.5
anchor_bottom = 0.5
margin_left = -101.0
margin_top = -25.0
margin_right = 101.0
margin_bottom = 33.0
mouse_filter = 2
texture = ExtResource( 5 )
__meta__ = {
"_edit_use_anchors_": false
}

[node name="BtnSettings" type="Button" parent="MainMenu"]
margin_top = 70.0
margin_right = 190.0
margin_bottom = 120.0
rect_min_size = Vector2( 190, 50 )
focus_mode = 0
mouse_filter = 1
shortcut_in_tooltip = false
enabled_focus_mode = 0
flat = true
__meta__ = {
"_edit_group_": true
}

[node name="TextureRect" type="TextureRect" parent="MainMenu/BtnSettings"]
anchor_left = 0.5
anchor_top = 0.5
anchor_right = 0.5
anchor_bottom = 0.5
margin_left = -101.0
margin_top = -25.0
margin_right = 101.0
margin_bottom = 33.0
mouse_filter = 2
texture = ExtResource( 6 )
__meta__ = {
"_edit_use_anchors_": false
}

[node name="Settings" type="VBoxContainer" parent="."]
anchor_left = 0.5
anchor_top = 0.5
anchor_right = 0.5
anchor_bottom = 0.5
margin_left = -112.0
margin_top = 219.5
margin_right = 112.0
margin_bottom = 417.5
custom_constants/separation = 32
alignment = 1
__meta__ = {
"_edit_use_anchors_": false
}

[node name="TextureRect" type="TextureRect" parent="Settings"]
margin_right = 224.0
margin_bottom = 54.0
texture = ExtResource( 11 )

[node name="Music" type="Button" parent="Settings"]
margin_top = 86.0
margin_right = 224.0
margin_bottom = 116.0
rect_min_size = Vector2( 190, 30 )
focus_mode = 0
shortcut_in_tooltip = false
enabled_focus_mode = 0
flat = true
__meta__ = {
"_edit_group_": true
}

[node name="TextureRect" type="TextureRect" parent="Settings/Music"]
anchor_top = 0.5
anchor_bottom = 0.5
margin_left = 8.0
margin_top = -11.0
margin_right = 106.0
margin_bottom = 19.0
mouse_filter = 2
texture = ExtResource( 9 )
__meta__ = {
"_edit_use_anchors_": false
}

[node name="Switch" type="TextureRect" parent="Settings/Music"]
anchor_left = 1.0
anchor_top = 0.5
anchor_right = 1.0
anchor_bottom = 0.5
margin_left = -63.0
margin_top = -9.0
margin_right = -23.0
margin_bottom = 9.0
mouse_filter = 2
texture = ExtResource( 10 )
__meta__ = {
"_edit_use_anchors_": false
}

[node name="Knob" type="TextureRect" parent="Settings/Music/Switch"]
anchor_left = 0.5
anchor_top = 0.5
anchor_right = 0.5
anchor_bottom = 0.5
margin_left = 4.5
margin_top = -13.5
margin_right = 33.5
margin_bottom = 15.5
mouse_filter = 2
texture = ExtResource( 7 )
__meta__ = {
"_edit_use_anchors_": false
}

[node name="BtnBack" type="Button" parent="Settings"]
margin_top = 148.0
margin_right = 224.0
margin_bottom = 198.0
rect_min_size = Vector2( 190, 50 )
focus_mode = 0
mouse_filter = 1
shortcut_in_tooltip = false
enabled_focus_mode = 0
flat = true
__meta__ = {
"_edit_group_": true
}

[node name="TextureRect" type="TextureRect" parent="Settings/BtnBack"]
anchor_left = 0.5
anchor_top = 0.5
anchor_right = 0.5
anchor_bottom = 0.5
margin_left = -101.0
margin_top = -25.0
margin_right = 101.0
margin_bottom = 33.0
mouse_filter = 2
texture = ExtResource( 12 )
__meta__ = {
"_edit_use_anchors_": false
}

[node name="Car" type="TextureRect" parent="."]
anchor_left = 1.0
anchor_top = 1.0
anchor_right = 1.0
anchor_bottom = 1.0
margin_left = 2.00006
margin_top = -291.0
margin_right = 497.0
margin_bottom = -13.9999
rect_rotation = 5.96239
rect_pivot_offset = Vector2( 289.514, 119.318 )
mouse_filter = 2
texture = ExtResource( 4 )
__meta__ = {
"_edit_use_anchors_": false
}

[node name="Logo" type="TextureRect" parent="."]
anchor_left = 0.5
anchor_right = 0.5
margin_left = -154.5
margin_top = 52.0
margin_right = 153.5
margin_bottom = 105.0
texture = ExtResource( 1 )
__meta__ = {
"_edit_use_anchors_": false
}

[node name="Tween" type="Tween" parent="."]
[connection signal="pressed" from="MainMenu/BtnStart" to="." method="_on_BtnStart_pressed"]
[connection signal="pressed" from="MainMenu/BtnSettings" to="." method="_on_BtnSettings_pressed"]
[connection signal="pressed" from="Settings/Music" to="." method="_on_Music_pressed"]
[connection signal="pressed" from="Settings/BtnBack" to="." method="_on_BtnBack_pressed"]
